@article{scheuner2020state,
  title={The State of Research on Function-as-a-Service Performance Evaluation: A Multivocal Literature Review},
  author={Scheuner, Joel and Leitner, Philipp},
  journal={arXiv preprint arXiv:2004.03276},
  year={2020}
}

@inproceedings{huppler2009art,
  title={The art of building a good benchmark},
  author={Huppler, Karl},
  booktitle={Technology Conference on Performance Evaluation and Benchmarking},
  pages={18--30},
  year={2009},
  organization={Springer}
}

@article{pellegrini2019function,
  title={Function-as-a-Service Benchmarking Framework},
  author={Pellegrini, Roland and Ivkic, Igor and Tauber, Markus},
  journal={arXiv preprint arXiv:1905.11707},
  year={2019}
}

@inproceedings{van2017spec,
  title={The SPEC cloud group's research vision on FaaS and serverless architectures},
  author={Van Eyk, Erwin and Iosup, Alexandru and Seif, Simon and Th{\"o}mmes, Markus},
  booktitle={Proceedings of the 2nd International Workshop on Serverless Computing},
  pages={1--4},
  year={2017}
}

@inproceedings{grossmann2019applicability,
  title={Applicability of Serverless Computing in Fog Computing Environments for IoT Scenarios},
  author={Gro{\ss}mann, Marcel and Ioannidis, Christos and Le, Duy Thanh},
  booktitle={Proceedings of the 12th IEEE/ACM International Conference on Utility and Cloud Computing Companion},
  pages={29--34},
  year={2019}
}

@inproceedings{pfandzelter2020tinyfaas,
  title={tinyFaaS: A Lightweight FaaS Platform for Edge Environments},
  author={Pfandzelter, Tobias and Bermbach, David},
  booktitle={Proceedings of the Second IEEE International Conference on Fog Computing (ICFC 2020). IEEE},
  year={2020}
}

@inproceedings{inproceedings,
author = {Castro, Paul and Ishakian, Vatche and Muthusamy, Vinod and Slominski, Aleksander},
year = {2017},
month = {06},
pages = {2658-2659},
title = {Serverless Programming (Function as a Service)},
doi = {10.1109/ICDCS.2017.305}
}

@MISC{Anu:2018,
author = {Mike Roberts},
title = {Serverless Architectures},
month = may,
year = {2018},
howpublished={\url{https://martinfowler.com/articles/serverless.html#unpacking-faas}}
}

@inproceedings{lopez2018comparison,
  title={Comparison of faas orchestration systems},
  author={L{\'o}pez, Pedro Garc{\'\i}a and S{\'a}nchez-Artigas, Marc and Par{\'\i}s, Gerard and Pons, Daniel Barcelona and Ollobarren, {\'A}lvaro Ruiz and Pinto, David Arroyo},
  booktitle={2018 IEEE/ACM International Conference on Utility and Cloud Computing Companion (UCC Companion)},
  pages={148--153},
  year={2018},
  organization={IEEE}
}

@article{figiela2018performance,
  title={Performance evaluation of heterogeneous cloud functions},
  author={Figiela, Kamil and Gajek, Adam and Zima, Adam and Obrok, Beata and Malawski, Maciej},
  journal={Concurrency and Computation: Practice and Experience},
  volume={30},
  number={23},
  pages={e4792},
  year={2018},
  publisher={Wiley Online Library}
}

@inproceedings{chang2010optimal,
  title={Optimal resource allocation in clouds},
  author={Chang, Fangzhe and Ren, Jennifer and Viswanathan, Ramesh},
  booktitle={2010 IEEE 3rd International Conference on Cloud Computing},
  pages={418--425},
  year={2010},
  organization={IEEE}
}