@article{scheuner2020state,
  title={The State of Research on Function-as-a-Service Performance Evaluation: A Multivocal Literature Review},
  author={Scheuner, Joel and Leitner, Philipp},
  journal={arXiv preprint arXiv:2004.03276},
  year={2020}
}

@inproceedings{huppler2009art,
  title={The art of building a good benchmark},
  author={Huppler, Karl},
  booktitle={Technology Conference on Performance Evaluation and Benchmarking},
  pages={18--30},
  year={2009},
  organization={Springer}
}

@article{pellegrini2019function,
  title={Function-as-a-Service Benchmarking Framework},
  author={Pellegrini, Roland and Ivkic, Igor and Tauber, Markus},
  journal={arXiv preprint arXiv:1905.11707},
  year={2019}
}
